<?xml version="1.0" encoding="UTF-8"?><record xmlns="http://www.loc.gov/MARC21/slim" xmlns:cinclude="http://apache.org/cocoon/include/1.0" xmlns:zs="http://www.loc.gov/zing/srw/">
  <leader>00483cz  a2200133n  4500</leader>
  <controlfield tag="001">n  85105123 </controlfield>
  <controlfield tag="003">DLC</controlfield>
  <controlfield tag="005">19990928142613.0</controlfield>
  <controlfield tag="008">850607n| acannaab           |a aaa      </controlfield>
  <datafield tag="010" ind1=" " ind2=" ">
    <subfield code="a">n  85105123 </subfield>
  </datafield>
  <datafield tag="040" ind1=" " ind2=" ">
    <subfield code="a">DLC</subfield>
    <subfield code="c">DLC</subfield>
    <subfield code="d">DLC</subfield>
  </datafield>
  <datafield tag="100" ind1="1" ind2="0">
    <subfield code="a">Almeida, Alvaro Fernando de</subfield>
  </datafield>
  <datafield tag="400" ind1="1" ind2="0">
    <subfield code="a">De Almeida, Alvaro Fernando</subfield>
  </datafield>
  <datafield tag="670" ind1=" " ind2=" ">
    <subfield code="a">His Controle integrado de saúvas na Aracruz Florestal, 1982:</subfield>
    <subfield code="b">t.p. (Alvaro Fernando de Almeida; biólogo, doutor em ciências na area de zoologia pela USP; professor)</subfield>
  </datafield>
</record>